@book{lamport-latex,
  Author = {Leslie Lamport},
  Title = {{\LaTeX}: A Document Preparation System (2nd Edition)},
  Publisher = {Addison-Wesley Professional},
  Year = {1994},
  ISBN = {0201529831}
}

@book{formula-derivation,
	author={A. M Yaglom and I. M. Yaglom},
	title= {An elementary derivation of the formulas of Wallis, 
		      Leibniz and Euler for the number pi.},
	publisher = {Uspekhi Mat. Nauk},
	volume={8},
	year={1953}
 }

@Online{javaquine,
  author  = {Ben Holland},
  title   = {A simple quine program implementation in Java},
  year    = {2016},
  url     = {https://gist.github.com/benjholla/9dd76ca9269e8c9af99a},
  urldate = {2019-06-19},
}

@Online{bibtex-with-biber,
	author = {WikiBooks},
	title = {{\LaTeX}/Bibliographies with biblatex and biber},
	year = {2023},
	url = {https://en.wikibooks.org/wiki/LaTeX/Bibliographies_with_biblatex_and_biber},
	urldate = {2023-02-18},
}

@Online{isbn2bibtex,
  author = {Manas Tungare},
  title = {{ISBN} to {Bib\TeX} {C}onverter},
  year = {2016},
  url = {http://manas.tungare.name/software/isbn-to-bibtex/},
  urldate = {2016-10-30}
}
@Online{bibtex,
  author = {Dana Jacobsen},
  title = {The {Bib\TeX} Format},
  year = {2010},
  url = {http://www.fb10.uni-bremen.de/anglistik/langpro/bibliographies/jacobsen-bibtex.html},
  urldate = {2016-10-30},
}

@Online{figures,
  author = {Wikibooks},
  title = {{\LaTeX}/Floats, Figures and Captions},
  year = {2016},
  url = {https://en.wikibooks.org/wiki/LaTeX/Floats,_Figures_and_Captions},
  urldate = {2016-10-30},
}

@Online{mhchem,
	author = {Martin Hensel},
	title = {mhchem – Typeset chemical formulae/equations and H and P
		statements},
	year = {2023},
	url = {https://ctan.org/pkg/mhchem?lang=en},
	urldate = {2023-02-19},
}

@Online{siunitx,
	author = {Joseph Wright},
	title = {siunitx – A comprehensive (SI) units package},
	year = {2023},
	url = {https://ctan.org/pkg/siunitx?lang=en},
	urldate = {2023-02-20},
}

@Online{qty-vs-si,
	author = {Phelype Oleinik},
	title = {Should I use qty or SI for siunitx?},
	year = {2023},
	url = {https://tex.stackexchange.com/questions/603217/should-i-use-qty-or-si-for-siunitx},
	urldate = {2023-02-24},
}


@Online{overleaf-equations,
	author = {Overleaf \LaTeX{} Documentation},
	title = {Aligning equations with amsmath},
	year = {2024},
	url = {https://www.overleaf.com/learn/latex/Aligning_equations_with_amsmath},
	urldate = {2024-02-22},
}

